% Use this file for citations not found in the ACL Anthology (contained in "anthology.bib").

@book{Aho:72,
    author  = {Alfred V. Aho and Jeffrey D. Ullman},
    title   = {The Theory of Parsing, Translation and Compiling},
    year    = "1972",
    volume  = "1",
    publisher = {Prentice-Hall},
    address = {Englewood Cliffs, NJ}
}

@book{APA:83,
    author  = {{American Psychological Association}},
    title   = {Publications Manual},
    year    = "1983",
    publisher = {American Psychological Association},
    address = {Washington, DC}
}

@article{Chandra:81,
	author = {Ashok K. Chandra and Dexter C. Kozen and Larry J. Stockmeyer},
	year = "1981",
	title = {Alternation},
	journal = {Journal of the Association for Computing Machinery},
	volume = "28",
	number = "1",
	pages = "114--133",
	doi = "10.1145/322234.322243",
}

@inproceedings{andrew2007scalable,
  title={Scalable training of {L1}-regularized log-linear models},
  author={Andrew, Galen and Gao, Jianfeng},
  booktitle={Proceedings of the 24th International Conference on Machine Learning},
  pages={33--40},
  year={2007},
}

@book{Gusfield:97,
    author  = {Dan Gusfield},
    title   = {Algorithms on Strings, Trees and Sequences},
    year    = "1997",
    publisher = {Cambridge University Press},
    address = {Cambridge, UK}
}

@article{rasooli-tetrault-2015,
    author    = {Mohammad Sadegh Rasooli and Joel R. Tetreault},
    title     = {Yara Parser: {A} Fast and Accurate Dependency Parser},
    journal   = {Computing Research Repository},
    volume    = {arXiv:1503.06733},
    year      = {2015},
    url       = {http://arxiv.org/abs/1503.06733},
    note    = {version 2}
}

@article{Ando2005,
	Acmid = {1194905},
	Author = {Ando, Rie Kubota and Zhang, Tong},
	Issn = {1532-4435},
	Issue_Date = {12/1/2005},
	Journal = {Journal of Machine Learning Research},
	Month = dec,
	Numpages = {37},
	Pages = {1817--1853},
	Publisher = {JMLR.org},
	Title = {A Framework for Learning Predictive Structures from Multiple Tasks and Unlabeled Data},
	Volume = {6},
	Year = {2005}
}

@misc{regex,
  author = {riedelcastro},
  title = {KU NLP Course Note Lab1},
  howpublished = "\url{github.com/coastalcph/nlp-course/blob/master/statnlpbook/ohhla.py#L62}",
  year = {2017}, 
  note = "[Online; accessed 19-December-2017]"
}

@misc{scipy ,
  author = {scipy},
  title = {scipy.optimize user guide-Newton GC},
  howpublished = "\url{ https://docs.scipy.org/doc/scipy/tutorial/optimize.htm}",
  year = {2025}, 
  note = "[Online; accessed 2025]"
}

@misc{scipynewton,
  author = {scipy},
  title = {scipy.optimize user guide-Newton GC},
  howpublished = "\url{ https://docs.scipy.org/doc/scipy/tutorial/optimize.html#newton-conjugate-gradient-algorithm-method-newton-cg}",
  year = {2025}, 
  note = "[Online; accessed 2025]"
}

@misc{scipytrust ,
  author = {scipy trust region},
  title = {scipy.optimize user guide-Trust Region},
  howpublished = "\url{ https://docs.scipy.org/doc/scipy/tutorial/optimize.html#broyden-fletcher-goldfarb-shanno-algorithm-method-bfgs}",
  year = {2025}, 
  note = "[Online; accessed 2025]"
}
@misc{scipybfgs ,
  author = {scipy},
  title = {scipy.optimize user guide-BFGS},
  howpublished = "\url{ https://docs.scipy.org/doc/scipy/tutorial/optimize.html#broyden-fletcher-goldfarb-shanno-algorithm-method-bfgs}",
  year = {2025}, 
  note = "[Online; accessed 2025]"
}

@misc{janome,
  author = {mocobeta},
  title = {japanese tokenizer},
  howpublished = "\url{mocobeta.github.io/janome/api/}",
  year = {2023}, 
  note = "[Online; accessed 1st-July-2023]"
}

@inproceedings{confusionmatrix,
  title={Information retrieval: theory and practice},
  author={Van Rijsbergen, C},
  booktitle={Proceedings of the joint IBM/University of Newcastle upon tyne seminar on data base systems},
  volume={79},
  pages={1--14},
  year={1979}
}

@article{logisticregression,
  title={On the uses of variable rules},
  author={Sankoff, David and Labov, William},
  journal={Language in society},
  volume={8},
  number={2-3},
  pages={189--222},
  year={1979},
  publisher={Cambridge University Press}
}

@book{cmp2models,
  title={Computer-intensive methods for testing hypotheses},
  author={Noreen, Eric W},
  year={1989},
  publisher={Wiley New York}
}

@misc{NGram,
  title={Speech and Language Processing: An Introduction to Natural Language Processing, Computational Linguistics, and Speech Recognition},
  author={Jurafsky, Daniel and Martin, James H}
}

@article{DBLP:journals/corr/abs-1810-04805,
  author    = {Jacob Devlin and
               Ming{-}Wei Chang and
               Kenton Lee and
               Kristina Toutanova},
  title     = {{BERT:} Pre-training of Deep Bidirectional Transformers for Language
               Understanding},
  journal   = {CoRR},
  volume    = {abs/1810.04805},
  year      = {2018},
  url       = {http://arxiv.org/abs/1810.04805},
  archivePrefix = {arXiv},
  eprint    = {1810.04805},
  timestamp = {Tue, 30 Oct 2018 20:39:56 +0100},
  biburl    = {https://dblp.org/rec/journals/corr/abs-1810-04805.bib},
  bibsource = {dblp computer science bibliography, https://dblp.org}
}


@article{smoothing,
  title={An empirical study of smoothing techniques for language modeling},
  author={Chen, Stanley F and Goodman, Joshua},
  journal={Computer Speech \& Language},
  volume={13},
  number={4},
  pages={359--394},
  year={1999},
  publisher={Elsevier}
}

@article{li2019unified,
  title={A unified MRC framework for named entity recognition},
  author={Li, Xiaoya and Feng, Jingrong and Meng, Yuxian and Han, Qinghong and Wu, Fei and Li, Jiwei},
  journal={arXiv preprint arXiv:1910.11476},
  year={2019}
}

@inproceedings{ma2021distant,
  title={Distant supervision based machine reading comprehension for extractive summarization in customer service},
  author={Ma, Bing and Liu, Cao and Wang, Jingyu and Hu, Shujie and Yang, Fan and Cai, Xunliang and Wan, Guanglu and Chen, Jiansong and Liao, Jianxin},
  booktitle={Proceedings of the 44th international ACM SIGIR conference on research and development in information retrieval},
  pages={1895--1899},
  year={2021}
}

@article{Sanh2019DistilBERTAD,
  title={DistilBERT, a distilled version of BERT: smaller, faster, cheaper and lighter},
  author={Victor Sanh and Lysandre Debut and Julien Chaumond and Thomas Wolf},
  journal={ArXiv},
  year={2019},
  volume={abs/1910.01108}
}

@article{duan2024efficient,
  title={Efficient Training of Large Language Models on Distributed Infrastructures: A Survey},
  author={Duan, Jiangfei and Zhang, Shuo and Wang, Zerui and Jiang, Lijuan and Qu, Wenwen and Hu, Qinghao and Wang, Guoteng and Weng, Qizhen and Yan, Hang and Zhang, Xingcheng and others},
  journal={arXiv preprint arXiv:2407.20018},
  year={2024}
}


@article{namboori2024gemquad,
  title={GeMQuAD: Generating multilingual question answering datasets from large language models using few shot learning},
  author={Namboori, Amani and Mangale, Shivam and Rosenbaum, Andy and Soltan, Saleh},
  journal={arXiv preprint arXiv:2404.09163},
  year={2024}
}

@article{li2023paxqa,
  title={Paxqa: Generating cross-lingual question answering examples at training scale},
  author={Li, Bryan and Callison-Burch, Chris},
  journal={arXiv preprint arXiv:2304.12206},
  year={2023}
}

@article{fabbri2020template,
  title={Template-based question generation from retrieved sentences for improved unsupervised question answering},
  author={Fabbri, Alexander R and Ng, Patrick and Wang, Zhiguo and Nallapati, Ramesh and Xiang, Bing},
  journal={arXiv preprint arXiv:2004.11892},
  year={2020}
}

@book{wals,
  editor    = {Matthew S. Dryer and Martin Haspelmath},
  publisher = {Zenodo},
  title     = {WALS Online (v2020.4)},
  type      = {Data set},
  url       = {https://doi.org/10.5281/zenodo.13950591},
  year      = {2013},
  doi       = {10.5281/zenodo.13950591}
}